[gd_scene load_steps=3 format=2]

[ext_resource path="res://Prefabs/stone_tileset.tres" type="TileSet" id=1]
[ext_resource path="res://Prefabs/Lemming.tscn" type="PackedScene" id=2]

[node name="Scene" type="Node2D"]

[node name="TileMap" type="TileMap" parent="." index="0"]

mode = 0
tile_set = ExtResource( 1 )
cell_size = Vector2( 32, 32 )
cell_quadrant_size = 16
cell_custom_transform = Transform2D( 1, 0, 0, 1, 0, 0 )
cell_half_offset = 2
cell_tile_origin = 0
cell_y_sort = false
cell_clip_uv = false
collision_use_kinematic = false
collision_friction = 1.0
collision_bounce = 0.0
collision_layer = 1
collision_mask = 1
occluder_light_mask = 1
format = 1
tile_data = PoolIntArray( 786447, 1, 0, 851979, 2, 0, 851980, 3, 0, 851981, 3, 0, 851982, 6, 0, 851983, 0, 0, 851984, 5, 0, 851985, 4, 0, 917504, 0, 0, 917505, 0, 0, 917506, 0, 0, 917507, 0, 0, 917508, 0, 0, 917509, 0, 0, 917510, 0, 0, 917515, 0, 0, 917516, 0, 0, 917517, 0, 0, 917518, 0, 0, 917519, 0, 0, 917520, 0, 0, 917521, 0, 0, 917522, 0, 0, 917523, 0, 0 )
_sections_unfolded = [ "Cell", "Collision", "Transform" ]
__meta__ = {
"_edit_lock_": true
}

[node name="RigidBody2D" type="RigidBody2D" parent="." index="1"]

input_pickable = false
collision_layer = 1
collision_mask = 1
mode = 1
mass = 1.0
friction = 1.0
bounce = 0.0
gravity_scale = 1.0
custom_integrator = false
continuous_cd = 0
contacts_reported = 0
contact_monitor = false
sleeping = false
can_sleep = true
linear_velocity = Vector2( 0, 0 )
linear_damp = -1.0
angular_velocity = 0.0
angular_damp = -1.0

[node name="CollisionPolygon2D" type="CollisionPolygon2D" parent="RigidBody2D" index="0"]

build_mode = 0
polygon = PoolVector2Array( 352, 448, 366, 443, 388, 432, 395, 443, 418, 432, 426, 443, 457, 423, 471, 416, 483, 416, 496, 409, 506, 416, 512, 416, 512, 433, 523, 422, 531, 422, 541, 434, 548, 432, 548, 439, 555, 444, 561, 441, 567, 447, 570, 448, 640, 448, 640, 480, 586.738, 480, 564, 480, 540, 480, 513.063, 480, 504.981, 480, 481, 480, 428.772, 480, 397.529, 480, 350.811, 480 )

[node name="CollisionPolygon2D2" type="CollisionPolygon2D" parent="RigidBody2D" index="1"]

build_mode = 0
polygon = PoolVector2Array( 0, 448, 0, 480, 224, 480, 224, 448 )

[node name="Lemmings" type="Node2D" parent="." index="2"]

[node name="Lemming" parent="Lemmings" index="0" instance=ExtResource( 2 )]

position = Vector2( 119, 376 )
_sections_unfolded = [ "Collision", "Pickable", "Transform", "collision" ]

[node name="Lemming2" parent="Lemmings" index="1" instance=ExtResource( 2 )]

position = Vector2( 153, 368 )
_sections_unfolded = [ "Collision", "Pickable", "Transform", "collision" ]

[node name="Lemming3" parent="Lemmings" index="2" instance=ExtResource( 2 )]

position = Vector2( 29, 391 )
_sections_unfolded = [ "Collision", "Pickable", "Transform", "collision" ]

[node name="Lemming4" parent="Lemmings" index="3" instance=ExtResource( 2 )]

position = Vector2( 60, 310 )
_sections_unfolded = [ "Collision", "Pickable", "Transform", "collision" ]

[node name="Lemming5" parent="Lemmings" index="4" instance=ExtResource( 2 )]

position = Vector2( 37, 181 )
_sections_unfolded = [ "Collision", "Pickable", "Transform", "collision" ]

[node name="Lemming6" parent="Lemmings" index="5" instance=ExtResource( 2 )]

position = Vector2( 86, 364 )
_sections_unfolded = [ "Collision", "Pickable", "Transform", "collision" ]

[node name="Lemming7" parent="Lemmings" index="6" instance=ExtResource( 2 )]

position = Vector2( 44, 349 )
_sections_unfolded = [ "Collision", "Pickable", "Transform", "collision" ]

[node name="Lemming8" parent="Lemmings" index="7" instance=ExtResource( 2 )]

position = Vector2( 111, 317 )
_sections_unfolded = [ "Collision", "Pickable", "Transform", "collision" ]

[node name="Lemming9" parent="Lemmings" index="8" instance=ExtResource( 2 )]

position = Vector2( 102, 236 )
_sections_unfolded = [ "Collision", "Pickable", "Transform", "collision" ]

[node name="Lemming10" parent="Lemmings" index="9" instance=ExtResource( 2 )]

position = Vector2( 98, 268 )
_sections_unfolded = [ "Collision", "Pickable", "Transform", "collision" ]

[node name="Lemming11" parent="Lemmings" index="10" instance=ExtResource( 2 )]

position = Vector2( 58, 248 )
_sections_unfolded = [ "Collision", "Pickable", "Transform", "collision" ]


